%% This BibTeX bibliography file was created using BibDesk.
%% http://bibdesk.sourceforge.net/


%% Created for panik at 2011-10-28 11:46:25 +0200 


%% Saved with string encoding Unicode (UTF-8) 


@comment{jabref-meta: selector_publisher:}
@comment{jabref-meta: selector_author:}
@comment{jabref-meta: selector_journal:}
@comment{jabref-meta: selector_keywords:}



@article{Blauert1978,
	Author = {Blauert, Jens and Mellert, V. and Platte, H. J. and Laws, P. and Hudde, H. and Scherer, P. and Poulsen, T. and Gottlob, D. and Plenge, G.},
	Date-Added = {2011-10-28 11:45:58 +0200},
	Date-Modified = {2011-10-28 11:45:58 +0200},
	Journal = {Rundfunktech. Mitteilungen},
	Keywords = {Ma, _read, Binauraltechnik},
	Number = {4},
	Pages = {195-218},
	Title = {Wissenschaftliche Grundlagen der kopfbezogenen Stereofonie. Bericht {\"u}ber das Vorkolloquium zur DAGA '78 in Bochum, 13. M{\"a}rz 1978},
	Volume = {22},
	Year = {1978}}

@article{Berg2006,
	Author = {Berg, Jan and Rumsey, Francis},
	Date-Added = {2011-10-25 14:47:12 +0200},
	Date-Modified = {2011-10-25 14:47:32 +0200},
	Journal = {J. Audio Eng. Soc.},
	Month = {May},
	Number = {5},
	Pages = {365-379},
	Title = {Identification of Quality Attributes of Spatial Audio by Repertory Grid Technique},
	Volume = {54},
	Year = {2006}}

@book{DIN33402-2E,
	Address = {Berlin},
	Author = {DIN},
	Date-Added = {2011-10-24 20:43:58 +0200},
	Date-Modified = {2011-10-24 20:48:32 +0200},
	Month = {Dezember},
	Publisher = {Beuth},
	Read = {0},
	Title = {DIN 33402-2: K{\"o}rperma{\ss}e des Menschen - Teil 2: Werte},
	Year = {2005}}

@book{ITU_R1116-1,
	Address = {Geneva},
	Annote = {Annotations made in pdf document},
	Author = {ITU},
	Date-Added = {2011-10-24 13:38:37 +0200},
	Date-Modified = {2011-10-25 10:02:25 +0200},
	Publisher = {International Telecommunication Union},
	Read = {0},
	Title = {Rec. ITU-R BS.1116-1: Methods for the subjective assement of small impairments in audio systems including multichannel sound systems},
	Year = {1997}}

@article{Brodsky2011,
	Author = {Brodsky, Warren},
	Date-Added = {2011-10-24 13:25:43 +0200},
	Date-Modified = {2011-10-24 13:35:43 +0200},
	Journal = {Psychology of Music\emph{, prepublished in January 2011. DOI: 10.1177/0305735610387778}},
	Title = {Developing a functional method to apply music in branding: Design language-generated music},
	Year = {2011}}

@book{Bortz2005,
	Address = {Heidelberg},
	Author = {Bortz, J{\"u}rgen},
	Date-Added = {2011-10-24 13:18:34 +0200},
	Date-Modified = {2011-10-24 13:23:03 +0200},
	Edition = {{6. vollst{\"a}ndig {\"u}berarbeitete und aktualisierte Auflage}},
	Publisher = {Springer},
	Title = {Statistik f{\"u}r Human- und Sozialwissenschaftler},
	Year = {2005}}

@article{Moller1996,
	Abstract = {
},
	Author = {M{\o}ller, Henrik and S{\o}rensen, Michael Friis and Jensen, Clemens Boje and Hammersh{\o}i, Dorte},
	Date-Added = {2011-10-24 13:07:57 +0200},
	Date-Modified = {2011-10-24 13:22:56 +0200},
	Journal = {J. Audio Eng. Soc.},
	Month = {June},
	Number = {6},
	Pages = {451-469},
	Read = {0},
	Title = {Binaural technique: Do we need individual recordings?},
	Volume = {44},
	Year = {1996}}

@electronic{Ledergerber2002,
	Author = {Stefan Ledergerber},
	Date-Added = {2011-10-14 12:37:10 +0200},
	Date-Modified = {2011-10-17 15:52:22 +0200},
	Howpublished = {Online},
	Title = {Application: How to surround},
	Url = {http://www.vista7.com/e/surround/index.aspx},
	Urldate = {01.01.1991},
	Year = {2002}}

@incollection{Ahnert2008,
	Address = {Berlin, Heidelberg, New York},
	Author = {Wolfgang Ahnert AND Hanns-Peter Tennhardt},
	Booktitle = {Handbuch der Audiotechnik},
	Chapter = {5},
	Date-Modified = {2011-10-24 13:15:55 +0200},
	Editor = {Stefan Weinzierl},
	Pages = {178-233},
	Publisher = {Springer},
	Title = {Raumakustik},
	Year = {2008}}

@article{Barron1971,
	Author = {Michael Barron},
	Date-Modified = {2011-10-25 10:03:38 +0200},
	Journal = {J. Sound Vibrat.},
	Number = {4},
	Owner = {SCF},
	Pages = {475-494},
	Timestamp = {2008.08.22},
	Title = {The subjective effects of first reflections in concert halls - the need for lateral reflections},
	Volume = {15},
	Year = {1971}}

@inproceedings{Berg2000,
	Address = {Paris, France},
	Author = {Jan Berg AND Francis Rumsey},
	Booktitle = {Proceedings of Audio Eng. Soc. 108th Convention},
	Date-Modified = {2011-10-14 15:58:10 +0200},
	Number = {5139 (L-8)},
	Owner = {SCF},
	Timestamp = {2008.08.21},
	Title = {In search of the spatial dimensions of reproduced sound: Verbal Protocol Analysis and Cluster Analysis of scaled verbal descriptors},
	Year = {2000}}

@book{Blauert2008,
	Address = {Berlin, Heidelberg, New York},
	Author = {Jens Blauert AND Ning Xiang},
	Date-Modified = {2011-10-24 13:16:13 +0200},
	Owner = {SCF},
	Publisher = {Springer},
	Timestamp = {2008.08.21},
	Title = {Acoustics for Engineers: Troy Lectures},
	Year = {2008}}

@mastersthesis{Lindau2006,
	Address = {Berlin},
	Author = {Alexander Lindau},
	Date-Modified = {2011-10-14 16:18:25 +0200},
	Owner = {Alex},
	School = {Technische Universit{\"a}t, Fakult{\"a}t 1, Fachgebiet Kommunikationswissenschaft},
	Timestamp = {2011.07.22},
	Title = {Ein Instrument zur softwaregest{\"u}tzten Messung binauraler Raumimpulsantworten in mehreren Freiheitsgraden},
	Year = {2006}}

@article{Reichhardt1955,
	Author = {Wolfgang Reichhardt AND E. Kohlsdorf AND H. Mutscher},
	Date-Modified = {2011-10-14 15:53:44 +0200},
	Journal = {Hochfrequenztechnik und Elektroakustik},
	Month = {July},
	Number = {1},
	Owner = {SCF},
	Pages = {18-25},
	Timestamp = {2008.08.21},
	Title = {Die optimale Nachhallzeit f{\"u}r Studior{\"a}ume},
	Volume = {64},
	Year = {1955}}

@techreport{Somerville1963,
	Author = {T. Somerville AND C. L. S. Gilford},
	Date-Modified = {2011-10-14 16:18:09 +0200},
	Institution = {BBC},
	Number = {52},
	Title = {Tonal Quality in Concert Halls},
	Year = {1963}}
