
@misc{BetterBibtex,
  year = {2022},
  title = {Better {{BibTeX}}},
  url = {https://retorque.re/zotero-better-bibtex/}
}

@misc{Zotero,
  title = {Zotero},
  year = {2022},
  url = {www.zotero.org}
}

@misc{ZotFile,
  year = {2022},
  title = {{{ZotFile}}},
  url = {http://zotfile.com}
}


